

@Misc{ABC2017,
	shorttitle   = {Kurztitel 1},
	author       = {Peter Pan},
	title        = {Internetquelle 1},
	year         = {2017},
	howpublished = {www.hier-bin-ich-erschienen.de},
	note         = {[Online, Abgerufen am 20.01.2017]},
	url          = {www.hier-bin-ich-erschienen.de},
}

@Article{DEF2014,
	author     = {Benjamin Bl√ºmchen},
	title      = {Paper 1},
	journal    = {Journal 1},
	shorttitle = {Kurztitel 2},
	year = {2014}
}
